@InCollection{beranek2006,
  author =       {Leo L. Beranek},
  title =        {Criteria for Noise in Buildings and Communities},
  booktitle =    {Noise and Vibration Control Engineering--Principles
                  and Applications},
  publisher =    {John Wiley \& Sons, Inc.},
  year =         2006,
  editor =       {Leo L. Beranek and Istvan L. Ver},
  chapter =      20,
  edition =      {Second},
  address =      {New York}
}

@book{allard2009,
  title = {Propagation of Sound in Porous Media: Modelling Sound Absorbing Materials},
  publisher = {John Wiley \& Sons, Ltd},
  year = 2009,
  author = {Allard, Jean F. and Atalla, Noureddine},
  edition =   {Second}}

@article{biot1956,
  author = {Biot, M. A.},
  title = {Theory of propagation of elastic waves in a fluid-saturated porous
	solid. 1. {Low}-frequency range},
  journal = {J. Acoust. Soc. Am.},
  year = 1956,
  volume = 28,
  pages = {168-178},
  number = 2,
}